<record><leader>00000cas a22000007a 4500</leader><controlfield tag="001">11803511</controlfield><controlfield tag="008">850314d18711875mauwr ne      0    0eng d</controlfield><controlfield tag="009">3781</controlfield><datafield ind1=" " ind2=" " tag="010"><subfield code="a">sn 85033282 </subfield></datafield><datafield ind1=" " ind2=" " tag="040"><subfield code="a">NPU</subfield><subfield code="b">eng</subfield><subfield code="c">NPU</subfield><subfield code="d">DLC</subfield><subfield code="d">MGN</subfield><subfield code="d">DLC</subfield><subfield code="d">OCLCF</subfield></datafield><datafield ind1="1" ind2=" " tag="029"><subfield code="a">AU@</subfield><subfield code="b">000025835880</subfield></datafield><datafield ind1=" " ind2=" " tag="042"><subfield code="a">msc</subfield></datafield><datafield ind1=" " ind2=" " tag="043"><subfield code="a">n-us-ma</subfield></datafield><datafield ind1="0" ind2="0" tag="050"><subfield code="a">Newspaper</subfield></datafield><datafield ind1="0" ind2=" " tag="130"><subfield code="a">Framingham gazette (Framingham, Mass. : 1871)</subfield></datafield><datafield ind1="1" ind2="0" tag="245"><subfield code="a">Framingham gazette.</subfield></datafield><datafield ind1=" " ind2=" " tag="260"><subfield code="a">South Framingham [Framingham], Mass. :</subfield><subfield code="b">Pratt &amp; Wood</subfield></datafield><datafield ind1=" " ind2=" " tag="300"><subfield code="a">v.</subfield></datafield><datafield ind1=" " ind2=" " tag="310"><subfield code="a">Weekly</subfield></datafield><datafield ind1="0" ind2=" " tag="362"><subfield code="a">Vol. 1, no. 1 (June 7, 1871)-v. 5, no. 30 (Dec. 24, 1875).</subfield></datafield><datafield ind1=" " ind2="0" tag="651"><subfield code="a">Framingham (Mass.)</subfield><subfield code="v">Newspapers.</subfield></datafield><datafield ind1=" " ind2="7" tag="655"><subfield code="a">Newspapers.</subfield><subfield code="2">fast</subfield><subfield code="0">(OCoLC)fst01423814</subfield></datafield><datafield ind1=" " ind2="7" tag="651"><subfield code="a">Massachusetts</subfield><subfield code="z">Framingham.</subfield><subfield code="2">fast</subfield><subfield code="0">(OCoLC)fst01210550</subfield></datafield><datafield ind1=" " ind2=" " tag="752"><subfield code="a">United States</subfield><subfield code="b">Massachusetts</subfield><subfield code="c">Middlesex</subfield><subfield code="d">Framingham.</subfield></datafield><datafield ind1="0" ind2="0" tag="785"><subfield code="t">Framingham gazette and enterprise</subfield><subfield code="w">(DLC)sn 83020468</subfield></datafield></record>